% This file was created with JabRef 2.10.
% Encoding: Cp1251


@Article{bellet2013survey,
  Title                    = {A survey on metric learning for feature vectors and structured data},
  Author                   = {Bellet, Aur{\'e}lien and Habrard, Amaury and Sebban, Marc},
  Journal                  = {arXiv:1306.6709},
  Year                     = {2013},

  __markedentry            = {[isaro:1]}
}

@InProceedings{ding2005equivalence,
  Title                    = {On the equivalence of nonnegative matrix factorization and spectral clustering},
  Author                   = {Ding, Chris and He, Xiaofeng and Simon, Horst D},
  Booktitle                = {Proc. SIAM Data Mining Conf},
  Year                     = {2005}
}

@Article{dy2004feature,
  Title                    = {Feature selection for unsupervised learning},
  Author                   = {Dy, Jennifer G and Brodley, Carla E},
  Journal                  = {The Journal of Machine Learning Research},
  Year                     = {2004},
  Pages                    = {845--889},
  Volume                   = {5},

  __markedentry            = {[isaro:1]},
  Publisher                = {JMLR. org}
}

@Article{friedl1997decision,
  Title                    = {Decision tree classification of land cover from remotely sensed data},
  Author                   = {Friedl, Mark A and Brodley, Carla E},
  Journal                  = {Remote sensing of environment},
  Year                     = {1997},
  Number                   = {3},
  Pages                    = {399--409},
  Volume                   = {61},

  __markedentry            = {[isaro:1]},
  Publisher                = {Elsevier}
}

@InCollection{geurts2001pattern,
  Title                    = {Pattern extraction for time series classification},
  Author                   = {Geurts, Pierre},
  Booktitle                = {Principles of Data Mining and Knowledge Discovery},
  Publisher                = {Springer},
  Year                     = {2001},
  Pages                    = {115--127},

  __markedentry            = {[isaro:1]}
}

@InProceedings{globerson2005metric,
  Title                    = {Metric learning by collapsing classes},
  Author                   = {Globerson, Amir and Roweis, Sam T},
  Booktitle                = {Advances in neural information processing systems},
  Year                     = {2005},
  Pages                    = {451--458},

  __markedentry            = {[isaro:1]}
}

@InProceedings{guillaumin2009you,
  Title                    = {Is that you? Metric learning approaches for face identification},
  Author                   = {Guillaumin, Matthieu and Verbeek, Jakob and Schmid, Cordelia},
  Booktitle                = {Computer Vision, 2009 IEEE 12th International Conference on},
  Year                     = {2009},
  Organization             = {IEEE},
  Pages                    = {498--505},

  __markedentry            = {[isaro:1]}
}

@Article{hyafil1976constructing,
  Title                    = {Constructing optimal binary decision trees is NP-complete},
  Author                   = {Hyafil, Laurent and Rivest, Ronald L},
  Journal                  = {Information Processing Letters},
  Year                     = {1976},
  Number                   = {1},
  Pages                    = {15--17},
  Volume                   = {5},

  __markedentry            = {[isaro:1]},
  Publisher                = {Elsevier}
}

@InProceedings{macqueen1967some,
  Title                    = {Some methods for classification and analysis of multivariate observations},
  Author                   = {MacQueen, James and others},
  Booktitle                = {Proceedings of the fifth Berkeley symposium on mathematical statistics and probability},
  Year                     = {1967},
  Number                   = {14},
  Organization             = {Oakland, CA, USA.},
  Pages                    = {281--297},
  Volume                   = {1},

  __markedentry            = {[isaro:1]}
}

@Book{shawe2004kernel,
  Title                    = {Kernel methods for pattern analysis},
  Author                   = {Shawe-Taylor, John and Cristianini, Nello},
  Publisher                = {Cambridge university press},
  Year                     = {2004},

  __markedentry            = {[isaro:1]}
}

@Article{xing2003distance,
  Title                    = {Distance metric learning with application to clustering with side-information},
  Author                   = {Xing, Eric P and Ng, Andrew Y and Jordan, Michael I and Russell, Stuart},
  Journal                  = {Advances in neural information processing systems},
  Year                     = {2003},
  Pages                    = {505--512},
  Volume                   = {15},

  __markedentry            = {[isaro:1]},
  Publisher                = {MIT; 1998}
}

@Article{yang2006distance,
  Title                    = {Distance metric learning: A comprehensive survey},
  Author                   = {Yang, Liu and Jin, Rong},
  Journal                  = {Michigan State University},
  Year                     = {2006},
  Volume                   = {2},

  __markedentry            = {[isaro:1]}
}

@InProceedings{yang2006efficient,
  Title                    = {An efficient algorithm for local distance metric learning},
  Author                   = {Yang, Liu and Jin, Rong and Sukthankar, Rahul and Liu, Yi},
  Booktitle                = {AAAI},
  Year                     = {2006},
  Volume                   = {2},

  __markedentry            = {[isaro:1]}
}

@InProceedings{ye2007adaptive,
  Title                    = {Adaptive distance metric learning for clustering},
  Author                   = {Ye, Jieping and Zhao, Zheng and Liu, Huan},
  Booktitle                = {Computer Vision and Pattern Recognition, 2007. CVPR'07. IEEE Conference on},
  Year                     = {2007},
  Organization             = {IEEE},
  Pages                    = {1--7},

  __markedentry            = {[isaro:1]}
}

@Article{breast,
  Title                    = {Breast Cancer Wisconsin Dataset.},

  __markedentry            = {[isaro:1]},
  Owner                    = {isaro},
  Timestamp                = {2016.02.03},
  Url                      = {http://archive.ics.uci.edu/ml/machine-learning-databases/breast-cancer-wisconsin/}
}

@Article{image,
  Title                    = {Image Segmentation Dataset Dataset.},

  __markedentry            = {[isaro:1]},
  Owner                    = {isaro},
  Timestamp                = {2016.02.03},
  Url                      = {http://archive.ics.uci.edu/ml/machine-learning-databases/image/}
}

@Article{letterrecognition,
  Title                    = {Letter Recognition Dataset.},

  __markedentry            = {[isaro:1]},
  Owner                    = {isaro},
  Timestamp                = {2016.02.03},
  Url                      = {http://archive.ics.uci.edu/ml/machine-learning-databases/letter-recognition/}
}

@Article{opt_digits,
  Title                    = {Optical Recognition of Handwritten Digits DataSet.},

  __markedentry            = {[isaro:1]},
  Owner                    = {isaro},
  Timestamp                = {2016.02.03},
  Url                      = {http://archive.ics.uci.edu/ml/machine-learning-databases/optdigits/}
}

@Article{seeds,
  Title                    = {Seeds Dataset.},

  __markedentry            = {[isaro:1]},
  Owner                    = {isaro},
  Timestamp                = {2016.02.03},
  Url                      = {http://archive.ics.uci.edu/ml/machine-learning-databases/00236/}
}

