@article{neurotycho,
	title= {Project Tycho \href{http://neurotycho.org/food-tracking-task}{http://neurotycho.org/food-tracking-task}},
}

@article{li2016feature,
	title={Feature selection: A data perspective},
	author={Li, Jundong and Cheng, Kewei and Wang, Suhang and Morstatter, Fred and Trevino, Robert P and Tang, Jiliang and Liu, Huan},
	journal={arXiv preprint arXiv:1601.07996},
	year={2016}
}

@article{nicolas2012brain,
	title={Brain computer interfaces, a review},
	author={Nicolas-Alonso, Luis Fernando and Gomez-Gil, Jaime},
	journal={Sensors},
	volume={12},
	number={2},
	pages={1211--1279},
	year={2012},
	publisher={Molecular Diversity Preservation International}
}
@article{amiri2013review,
	title={A review of hybrid brain-computer interface systems},
	author={Amiri, Setare and Fazel-Rezai, Reza and Asadpour, Vahid},
	journal={Advances in Human-Computer Interaction},
	volume={2013},
	pages={1},
	year={2013},
	publisher={Hindawi Publishing Corp.}
}

@article{millan2004brain,
	title={Brain-actuated interaction},
	author={Mill{\'a}n, Jos{\'e} del R and Renkens, Fr{\'e}d{\'e}ric and Mouri{\~n}o, Josep and Gerstner, Wulfram},
	journal={Artificial Intelligence},
	volume={159},
	number={1-2},
	pages={241--259},
	year={2004},
	publisher={Elsevier}
}


@article{eliseyev2016penalized,
	title={Penalized multi-way partial least squares for smooth trajectory decoding from electrocorticographic (ECoG) recording},
	author={Eliseyev, Andrey and Aksenova, Tetiana},
	journal={PloS one},
	volume={11},
	number={5},
	pages={e0154878},
	year={2016},
	publisher={Public Library of Science}
}

@article{abdi2003pls,
	author = {Abdi, Herv{\'{e}}},
	doi = {http://dx.doi.org/10.4135/9781412950589.n690},
	journal = {Encyclopedia for research methods for the social sciences},
	pages = {792--795},
	title = {{Partial Least Squares (PLS) Regression}},
	year = {2003}
}

@article{wegelin2000survey,
	title={A survey of Partial Least Squares (PLS) methods, with emphasis on the two-block case},
	author={Wegelin, Jacob A and others},
	journal={University of Washington, Department of Statistics, Tech. Rep},
	year={2000}
}

@article{xuefeng2010plsr,
author = {Xuefeng, Yan},
doi = {10.1016/j.chemolab.2010.07.002},
journal = {Chemometrics and Intelligent Laboratory Systems},
number = {2},
pages = {152--159},
publisher = {Elsevier B.V.},
title = {{Hybrid artificial neural network based on BP-PLSR and its application in development of soft sensors}},
url = {http://dx.doi.org/10.1016/j.chemolab.2010.07.002},
volume = {103},
year = {2010}
}

@article{qin1992npls,
	title={Nonlinear PLS modeling using neural networks},
	author={Qin, S Joe and McAvoy, Thomas J},
	journal={Computers \& Chemical Engineering},
	volume={16},
	number={4},
	pages={379--391},
	year={1992},
	publisher={Elsevier}
}

@article{yan2003geneticpls,
author = {Yan, Xuefeng F. and Chen, Dezhao Z. and Hu, Shangxu X.},
doi = {10.1016/S0098-1354(03)00074-7},
journal = {Computers and Chemical Engineering},
number = {10},
pages = {1393--1404},
title = {{Chaos-genetic algorithms for optimizing the operating conditions based on RBF-PLS model}},
volume = {27},
year = {2003}
}

@article{frank1990npls,
author = {Frank, Ildiko E.},
doi = {10.1016/0169-7439(90)80128-S},
journal = {Chemometrics and Intelligent Laboratory Systems},
number = {2},
pages = {109--119},
title = {{A nonlinear PLS model}},
volume = {8},
year = {1990}
}
@article{zhou2007nnpls,
author = {Zhou, Yan Ping and Jiang, Jian Hui and Lin, Wei Qi and Xu, Lu and Wu, Hai Long and Shen, Guo Li and Yu, Ru Qin},
doi = {10.1016/j.talanta.2006.05.058},
journal = {Talanta},
number = {2},
pages = {848--853},
title = {{Artificial neural network-based transformation for nonlinear partial least-square regression with application to QSAR studies}},
volume = {71},
year = {2007}
}

@article{geladi1988pls,
author = {Geladi, Paul},
doi = {http://doi.wiley.com/10.1002/cem.1180020403},
journal = {Journal of Chemometrics},
number = {January},
pages = {231--246},
title = {{Notes on the history and nature of partial least squares (PLS) modelling}},
url = {http://onlinelibrary.wiley.com/doi/10.1002/cem.1180020403/abstract},
volume = {2},
year = {1988}
}

@article{hoskuldsson1988plsr,
author = {H{\"{o}}skuldsson, Agnar},
doi = {10.1002/cem.1180020306},
journal = {Journal of Chemometrics},
number = {August 1987},
pages = {581--591},
title = {{PLS regression.}},
volume = {2},
year = {1988}
}

@article{bulut2014nnpls,
author = {Bulut, Elif and Egrioglu, Erol},
doi = {10.5923/j.ajis.20140404.05},
number = {4},
pages = {154--158},
title = {{A New Partial Least Square Method Based on Elman Neural Network}},
volume = {4},
year = {2014}
}

@article{wold1989nonlinear,
	title={Nonlinear PLS modeling},
	author={Wold, Svante and Kettaneh-Wold, Nouna and Skagerberg, Bert},
	journal={Chemometrics and Intelligent Laboratory Systems},
	volume={7},
	number={1-2},
	pages={53--65},
	year={1989},
	publisher={Elsevier}
}

@article{rosipal2006overview,
	author = {Rosipal, Roman and Kramer, Nicole},
	doi = {10.1007/11752790_2},
	journal = {C. Saunders et al. (Eds.): SLSFS 2005, LNCS 3940},
	pages = {34--51},
	title = {{Overview and Recent Advances in Partial Least Squares}},
	year = {2006}
}

@inproceedings{hiden1998geneticpls,
	title={Non-Linear Partial Least Squares using Genetic},
	author={Hiden, Hugo and McKay, Ben and Willis, Mark and Montague, Gary},
	booktitle={Genetic Programming 1998: Proceedings of the Third},
	pages={128--133},
	year={1998},
	organization={Morgan Kaufmann}
}

@article{rosipal2011npls,
author = {Rosipal, Roman},
doi = {10.4018/978-1-61520-911-8.ch009},
journal = {Chemoinformatics and Advanced Machine Learning Perspectives: Complex Computational Methods and Collaborative Techniques},
pages = {169--189},
title = {{Nonlinear partial least squares: An overview}},
url = {http://aiolos.um.savba.sk/{~}roman/Papers/npls{\_}book11.pdf{\%}5Cnpapers2://publication/uuid/55966E8F-2346-4326-B57E-3A1F47835189},
year = {2011}
}

@article{mises1929praktische,
	title={Praktische Verfahren der Gleichungsaufl{\"o}sung.},
	author={Mises, RV and Pollaczek-Geiringer, Hilda},
	journal={ZAMM-Journal of Applied Mathematics and Mechanics/Zeitschrift f{\"u}r Angewandte Mathematik und Mechanik},
	volume={9},
	number={1},
	pages={58--77},
	year={1929},
	publisher={Wiley Online Library}
}

@article{geladi1986partial,
	title={Partial least-squares regression: a tutorial},
	author={Geladi, Paul and Kowalski, Bruce R},
	journal={Analytica chimica acta},
	volume={185},
	pages={1--17},
	year={1986},
	publisher={Elsevier}
}

@article{katrutsa2015qpfs,
	title={Stress test procedure for feature selection algorithms},
	author={Katrutsa, AM and Strijov, VV},
	journal={Chemometrics and Intelligent Laboratory Systems},
	volume={142},
	pages={172--183},
	year={2015},
	publisher={Elsevier}
}

@article{millan2010combining,
	title={Combining Brain--Computer Interfaces and Assistive Technologies: State-of-the-Art and Challenges},
	author={Mill{\'a}n, Jos{\'e} del R and Rupp, R{\"u}diger and Mueller-Putz, Gernot and Murray-Smith, Roderick and Giugliemma, Claudio and Tangermann, Michael and Vidaurre, Carmen and Cincotti, Febo and Kubler, Andrea and Leeb, Robert and others},
	journal={Frontiers in Neuroscience},
	volume={4},
	pages={161},
	year={2010},
	publisher={Frontiers}
}

@article{mason2007comprehensive,
	title={A comprehensive survey of brain interface technology designs},
	author={Mason, SG and Bashashati, A and Fatourechi, M and Navarro, KF and Birch, GE},
	journal={Annals of biomedical engineering},
	volume={35},
	number={2},
	pages={137--169},
	year={2007},
	publisher={Springer}
}

@article{de1993simpls,
	title={SIMPLS: an alternative approach to partial least squares regression},
	author={De Jong, Sijmen},
	journal={Chemometrics and intelligent laboratory systems},
	volume={18},
	number={3},
	pages={251--263},
	year={1993},
	publisher={Elsevier}
}

@article{gasanov2017pls,
title={Creation of approximating scalogram description in a problem of movement prediction},
author={Gasanov I., Motrenko A.},
journal={Journal of Machine Learning and Data Analysis},
volume={3},
number={2},
pages={160--169},
year={2017}
}

@book{box2015time,
	title={Time series analysis: forecasting and control},
	author={Box, George EP and Jenkins, Gwilym M and Reinsel, Gregory C and Ljung, Greta M},
	year={2015},
	publisher={John Wiley \& Sons}
}

@article{zhang2003time,
	title={Time series forecasting using a hybrid ARIMA and neural network model},
	author={Zhang, G Peter},
	journal={Neurocomputing},
	volume={50},
	pages={159--175},
	year={2003},
	publisher={Elsevier}
}