@article{chun2010sparse,
	title={Sparse partial least squares regression for simultaneous dimension reduction and variable selection},
	author={Chun, Hyonho and Kele{\c{s}}, S{\"u}nd{\"u}z},
	journal={Journal of the Royal Statistical Society: Series B (Statistical Methodology)},
	volume={72},
	number={1},
	pages={3--25},
	year={2010},
	publisher={Wiley Online Library}
}

@article{mehmood2012review,
	title={A review of variable selection methods in partial least squares regression},
	author={Mehmood, Tahir and Liland, Kristian Hovde and Snipen, Lars and S{\ae}b{\o}, Solve},
	journal={Chemometrics and Intelligent Laboratory Systems},
	volume={118},
	pages={62--69},
	year={2012},
	publisher={Elsevier}
}

@article{katrutsa2015stress,
	title={Stress test procedure for feature selection algorithms},
	author={Katrutsa, A. M. and Strijov, V. V.},
	journal={Chemometrics and Intelligent Laboratory Systems},
	volume={142},
	pages={172--183},
	year={2015},
	publisher={Elsevier}
}

@article{li2017feature,
	title={Feature selection: A data perspective},
	author={Li, Jundong and Cheng, Kewei and Wang, Suhang and Morstatter, Fred and Trevino, Robert P and Tang, Jiliang and Liu, Huan},
	journal={ACM Computing Surveys (CSUR)},
	volume={50},
	number={6},
	pages={94},
	year={2017},
	publisher={ACM}
}

@article{geladi1988pls,
author = {Geladi, Paul},
doi = {http://doi.wiley.com/10.1002/cem.1180020403},
journal = {Journal of Chemometrics},
number = {January},
pages = {231--246},
title = {{Notes on the history and nature of partial least squares (PLS) modelling}},
url = {http://onlinelibrary.wiley.com/doi/10.1002/cem.1180020403/abstract},
volume = {2},
year = {1988}
}

@article{katrutsa2017comprehensive,
	title={Comprehensive study of feature selection methods to solve multicollinearity problem according to evaluation criteria},
	author={Katrutsa, Alexandr and Strijov, Vadim},
	journal={Expert Systems with Applications},
	volume={76},
	pages={1--11},
	year={2017},
	publisher={Elsevier}
}

@article{motrenko2018multi,
	title={Multi-way Feature Selection for ECoG-based Brain-Computer Interface},
	author={Motrenko, Anastasia and Strijov, Vadim},
	journal={Expert Systems with Applications},
	year={2018},
	publisher={Elsevier}
}

