@inproceedings{wang2014human,
  title={Human activity recognition using smart phone embedded sensors: A linear dynamical systems method},
  author={Wang, Wen and Liu, Huaping and Yu, Lianzhi and Sun, Fuchun},
  booktitle={Neural Networks (IJCNN), 2014 International Joint Conference on},
  pages={1185--1190},
  year={2014},
  organization={IEEE}
}

@article{motrenko2016extracting,
	title={Extracting fundamental periods to segment biomedical signals},
	author={Motrenko, Anastasia and Strijov, Vadim},
	journal={IEEE journal of biomedical and health informatics},
	volume={20},
	number={6},
	pages={1466--1476},
	year={2016},
	publisher={IEEE}
}

@inproceedings{bao2004activity,
	title={Activity recognition from user-annotated acceleration data},
	author={Bao, Ling and Intille, Stephen S},
	booktitle={International Conference on Pervasive Computing},
	pages={1--17},
	year={2004},
	organization={Springer}
}

@article{kwapisz2011activity,
	title={Activity recognition using cell phone accelerometers},
	author={Kwapisz, Jennifer R and Weiss, Gary M and Moore, Samuel A},
	journal={ACM SigKDD Explorations Newsletter},
	volume={12},
	number={2},
	pages={74--82},
	year={2011},
	publisher={ACM}
}

@article{karasikov2016feature,
	title={Feature-Based Time-Series Classification},
	author={Karasikov, M.E. and Strijov, V.V.},
	journal={Intelligence},
	volume={24},
	number={1},
	pages={164--181},
	year={2016}
}

@article{ivkin2015ts,
	title={Time series classification algorithm using combined feature description},
	author={Kuznetsov, M.P. and Ivkin, N.P.},
	journal={Machine Learning and Data Analysis},
	volume={1},
	number={11},
	pages={1471--1483},
	year={2015}
}

@article{ignatov2016human,
	title={Human activity recognition using quasiperiodic time series collected from a single tri-axial accelerometer},
	author={Ignatov, Andrey D and Strijov, Vadim V},
	journal={Multimedia tools and applications},
	volume={75},
	number={12},
	pages={7257--7270},
	year={2016},
	publisher={Springer}
}

@article{lukashin2003adaptive,
	title={Adaptive methods of short-term forecasting of time series},
	author={Lukashin, Yu P},
	journal={M.: Finance and statistics},
	year={2003}
}

@article{hassani2007singular,
	title={Singular spectrum analysis: methodology and comparison},
	author={Hassani, Hossein},
	journal={Journal of Data Science},
	volume={5},
	number={2},
	pages={239--257},
	year={2007}
}

@misc{wisdm,
	title = {The WISDM dataset},
	key = {WISDM},
	howpublished = "\url{http://www.cis.fordham.edu/wisdm/dataset.php}"
}

@misc{usc,
	title = {The USC Human Activity Dataset},
	key = {USC},
	howpublished = "\url{http://www-scf.usc.edu/~mizhang/datasets.html}"
}

@article{golub1970singular,
	title={Singular value decomposition and least squares solutions},
	author={Golub, Gene H and Reinsch, Christian},
	journal={Numerische mathematik},
	volume={14},
	number={5},
	pages={403--420},
	year={1970},
	publisher={Springer}
}

@book{deboor1978splines,
	title={A practical guide to splines},
	author={De Boor, Carl},
	volume={27},
	year={1978},
	publisher={Springer-Verlag}
}

@article{lu2016towards,
title={Towards unsupervised physical activity recognition using smartphone accelerometers},
author={Lu, Yonggang and Wei, Ye and Liu, Li and Zhong, Jun and Sun, Letian and Liu, Ye},
journal={Multimedia Tools and Applications},
volume={76},
number={8}
pages={10701â€“-10719},
year={2017},
publisher={Springer}
}

@inproceedings{geurts2001pattern,
	title={Pattern extraction for time series classification},
	author={Geurts, Pierre},
	booktitle={European Conference on Principles of Data Mining and Knowledge Discovery},
	pages={115--127},
	year={2001},
	organization={Springer}
}

@article{budnik2017learned,
	title={Learned features versus engineered features for multimedia indexing},
	author={Budnik, Mateusz and Gutierrez-Gomez, Efrain-Leonardo and Safadi, Bahjat and Pellerin, Denis and Qu{\'e}not, Georges},
	journal={Multimedia Tools and Applications},
	volume={76},
	number={9},
	pages={11941--11958},
	year={2017},
	publisher={Springer}
}

@article{lu2016activity,
	title={Activity recognition in smart homes},
	author={Lu, Lu and Qing-ling, Cai and Yi-Ju, Zhan},
	journal={Multimedia Tools and Applications},
	pages={1--18},
	year={2016},
	publisher={Springer}
}

@article{incel2013review,
	title={A review and taxonomy of activity recognition on mobile phones},
	author={Incel, Ozlem Durmaz and Kose, Mustafa and Ersoy, Cem},
	journal={BioNanoScience},
	volume={3},
	number={2},
	pages={145--171},
	year={2013},
	publisher={Springer}
}

@article{umeda2017time,
	title={Time series classification via topological data analysis},
	author={Umeda, Yuhei},
	journal={Transactions of the Japanese Society for Artificial Intelligence},
	volume={32},
	number={3},
	pages={D--G72\_1},
	year={2017},
	publisher={The Japanese Society for Artificial Intelligence}
}

@article{bishop2006pattern,
	title={Pattern recognition},
	author={Bishop, Christopher M},
	journal={Machine Learning},
	volume={128},
	pages={1--58},
	year={2006}
}

@article{hammerla2016deep,
	title={Deep, convolutional, and recurrent models for human activity recognition using wearables},
	author={Hammerla, Nils Y and Halloran, Shane and Ploetz, Thomas},
	journal={arXiv preprint arXiv:1604.08880},
	year={2016}
}

@Misc{scipy,
	author =    {Eric Jones and Travis Oliphant and Pearu Peterson},
	title =     {{SciPy}: Open source scientific tools for {Python}},
	year =      {2001},
	url = "http://www.scipy.org/",
	note = {[Online; accessed <today>]}
}