@article{karimi2014leukemia,
	title={Leukemia and small round blue-cell tumor cancer detection using microarray gene expression data set: Combining data dimension reduction and variable selection technique},
	author={Karimi, Sadegh and Farrokhnia, Maryam},
	journal={Chemometrics and Intelligent Laboratory Systems},
	volume={139},
	pages={6--14},
	year={2014},
	publisher={Elsevier}
}

@article{lauzon2018sequential,
	title={The Sequential Multi-block PLS algorithm (SMB-PLS): Comparison of performance and interpretability},
	author={Lauzon-Gauthier, Julien and Manolescu, Petre and Duchesne, Carl},
	journal={Chemometrics and Intelligent Laboratory Systems},
	year={2018},
	publisher={Elsevier}
}

@article{biancolillo2017extension,
	title={Extension of SO-PLS to multi-way arrays: SO-N-PLS},
	author={Biancolillo, Alessandra and N{\ae}s, Tormod and Bro, Rasmus and M{\aa}ge, Ingrid},
	journal={Chemometrics and Intelligent Laboratory Systems},
	volume={164},
	pages={113--126},
	year={2017},
	publisher={Elsevier}
}

@article{gatius2017comparison,
	title={Comparison of CCA and PLS to explore and model NIR data},
	author={Gatius, Fernando and Miralb{\'e}s, Carlos and David, Calin and Puy, Jaume},
	journal={Chemometrics and Intelligent Laboratory Systems},
	volume={164},
	pages={76--82},
	year={2017},
	publisher={Elsevier}
}

@article{hervas2018sparse,
	title = {Sparse N-way partial least squares with R package sNPLS},
	journal = {Chemometrics and Intelligent Laboratory Systems},
	volume = {179},
	pages = {54 - 63},
	year = {2018},
	publisher={Elsevier},
	author = {D. Hervás and J.M. Prats-Montalbán and A. Lahoz and A. Ferrer},
}

@article{lin2016equivalence,
	title={The equivalence of partial least squares and principal component regression in the sufficient dimension reduction framework},
	author={Lin, You-Wu and Deng, Bai-Chuan and Xu, Qing-Song and Yun, Yong-Huan and Liang, Yi-Zeng},
	journal={Chemometrics and Intelligent Laboratory Systems},
	volume={150},
	pages={58--64},
	year={2016},
	publisher={Elsevier}
}

@article{costecalde2018long,
	title={A Long-Term BCI Study With ECoG Recordings in Freely Moving Rats},
	author={Costecalde, Thomas and Aksenova, Tetiana and Torres-Martinez, Napoleon and Eliseyev, Andriy and Mestais, Corinne and Moro, Cecile and Benabid, Alim Louis},
	journal={Neuromodulation: Technology at the Neural Interface},
	volume={21},
	number={2},
	pages={149--159},
	year={2018},
	publisher={Wiley Online Library}
}

@article{mestais2015wimagine,
  title={WIMAGINE: Wireless 64-channel ECoG recording implant for long term clinical applications},
  author={Mestais, Corinne S and Charvet, Guillaume and Sauter-Starace, Fabien and Foerster, Michael and Ratel, David and Benabid, Alim Louis},
  journal={IEEE transactions on neural systems and rehabilitation engineering},
  volume={23},
  number={1},
  pages={10--21},
  year={2015},
  publisher={IEEE}
}

@inproceedings{eliseyev2014clinatec,
	title={CLINATEC{\textregistered} BCI platform based on the ECoG-recording implant WIMAGINE{\textregistered} and the innovative signal-processing: preclinical results},
	author={Eliseyev, Andrey and Mestais, Corinne and Charvet, Guillaume and Sauter, Fabien and Abroug, Neil and Arizumi, Nana and Cokgungor, Serpil and Costecalde, Thomas and Foerster, Michael and Korczowski, Louis and others},
	booktitle={Engineering in Medicine and Biology Society (EMBC), 2014 36th Annual International Conference of the IEEE},
	pages={1222--1225},
	year={2014},
	organization={IEEE}
}

@article{katrutsa2015stress,
	title={Stress test procedure for feature selection algorithms},
	author={Katrutsa, A. M. and Strijov, V. V.},
	journal={Chemometrics and Intelligent Laboratory Systems},
	volume={142},
	pages={172--183},
	year={2015},
	publisher={Elsevier}
}

@article{li2017feature,
	title={Feature selection: A data perspective},
	author={Li, Jundong and Cheng, Kewei and Wang, Suhang and Morstatter, Fred and Trevino, Robert P and Tang, Jiliang and Liu, Huan},
	journal={ACM Computing Surveys (CSUR)},
	volume={50},
	number={6},
	pages={94},
	year={2017},
	publisher={ACM}
}

@article{ding2005minimum,
	title={Minimum redundancy feature selection from microarray gene expression data},
	author={Ding, Chris and Peng, Hanchuan},
	journal={Journal of bioinformatics and computational biology},
	volume={3},
	number={02},
	pages={185--205},
	year={2005},
	publisher={World Scientific}
}

@article{rodriguez2010quadratic,
	title={Quadratic programming feature selection},
	author={Rodriguez-Lujan, Irene and Huerta, Ramon and Elkan, Charles and Cruz, Carlos Santa},
	journal={Journal of Machine Learning Research},
	volume={11},
	number={Apr},
	pages={1491--1516},
	year={2010}
}

@article{katrutsa2017comprehensive,
	title={Comprehensive study of feature selection methods to solve multicollinearity problem according to evaluation criteria},
	author={Katrutsa, Alexandr and Strijov, Vadim},
	journal={Expert Systems with Applications},
	volume={76},
	pages={1--11},
	year={2017},
	publisher={Elsevier}
}

@article{chao2010long,
	title={Long-term asynchronous decoding of arm motion using electrocorticographic signals in monkey},
	author={Chao, Zenas C and Nagasaka, Yasuo and Fujii, Naotaka},
	journal={Frontiers in neuroengineering},
	volume={3},
	pages={3},
	year={2010},
	publisher={Frontiers}
}

@article{eliseyev2016penalized,
	title={Penalized multi-way partial least squares for smooth trajectory decoding from electrocorticographic (ECoG) recording},
	author={Eliseyev, Andrey and Aksenova, Tetiana},
	journal={PloS one},
	volume={11},
	number={5},
	pages={e0154878},
	year={2016},
	publisher={Public Library of Science}
}

@article{chun2010sparse,
	title={Sparse partial least squares regression for simultaneous dimension reduction and variable selection},
	author={Chun, Hyonho and Kele{\c{s}}, S{\"u}nd{\"u}z},
	journal={Journal of the Royal Statistical Society: Series B (Statistical Methodology)},
	volume={72},
	number={1},
	pages={3--25},
	year={2010},
	publisher={Wiley Online Library}
}

@article{mehmood2012review,
	title={A review of variable selection methods in partial least squares regression},
	author={Mehmood, Tahir and Liland, Kristian Hovde and Snipen, Lars and S{\ae}b{\o}, Solve},
	journal={Chemometrics and Intelligent Laboratory Systems},
	volume={118},
	pages={62--69},
	year={2012},
	publisher={Elsevier}
}
	
	@article{eliseyev2014stable,
	title={Stable and artifact-resistant decoding of 3D hand trajectories from ECoG signals using the generalized additive model},
	author={Eliseyev, Andrey and Aksenova, Tatiana},
	journal={Journal of neural engineering},
	volume={11},
	number={6},
	pages={066005},
	year={2014},
	publisher={IOP Publishing}
}

@inproceedings{engel2017kernel,
	title={Kernel-Based NPLS for Continuous Trajectory Decoding from ECoG Data for BCI Applications},
	author={Engel, Sarah and Aksenova, Tetiana and Eliseyev, Andrey},
	booktitle={International Conference on Latent Variable Analysis and Signal Separation},
	pages={417--426},
	year={2017},
	organization={Springer}
}

@article{eliseyev2012l1,
	title={L1-penalized N-way PLS for subset of electrodes selection in BCI experiments},
	author={Eliseyev, Andrey and Moro, Cecile and Faber, Jean and Wyss, Alexander and Torres, Napoleon and Mestais, Corinne and Benabid, Alim Louis and Aksenova, Tetiana},
	journal={Journal of neural engineering},
	volume={9},
	number={4},
	pages={045010},
	year={2012},
	publisher={IOP Publishing}
}

@article{rosipal2006overview,
	author = {Rosipal, Roman and Kramer, Nicole},
	doi = {10.1007/11752790_2},
	journal = {C. Saunders et al. (Eds.): SLSFS 2005, LNCS 3940},
	pages = {34--51},
	title = {{Overview and Recent Advances in Partial Least Squares}},
	year = {2006}
}

@incollection{rosipal2011nonlinear,
	title={Nonlinear partial least squares an overview},
	author={Rosipal, Roman},
	booktitle={Chemoinformatics and advanced machine learning perspectives: complex computational methods and collaborative techniques},
	pages={169--189},
	year={2011},
	publisher={IGI Global}
}

@article{yamada2014high,
	title={High-dimensional feature selection by feature-wise kernelized lasso},
	author={Yamada, Makoto and Jitkrittum, Wittawat and Sigal, Leonid and Xing, Eric P and Sugiyama, Masashi},
	journal={Neural computation},
	volume={26},
	number={1},
	pages={185--207},
	year={2014},
	publisher={MIT Press}
}

@article{geladi1986partial,
	title={Partial least-squares regression: a tutorial},
	author={Geladi, Paul and Kowalski, Bruce R},
	journal={Analytica chimica acta},
	volume={185},
	pages={1--17},
	year={1986},
	publisher={Elsevier}
}

@inproceedings{prasad2013scaling,
	title={Scaling-Up Quadratic Programming Feature Selection.},
	author={Prasad, Yamuna and Biswas, KK and Singla, Parag},
	booktitle={AAAI (Late-Breaking Developments)},
	year={2013}
}

@article{shimoda2012decoding,
	title={Decoding continuous three-dimensional hand trajectories from epidural electrocorticographic signals in Japanese macaques},
	author={Shimoda, Kentaro and Nagasaka, Yasuo and Chao, Zenas C and Fujii, Naotaka},
	journal={Journal of neural engineering},
	volume={9},
	number={3},
	pages={036015},
	year={2012},
	publisher={IOP Publishing}
}


@article{motrenko2018multi,
	title={Multi-way Feature Selection for ECoG-based Brain-Computer Interface},
	author={Motrenko, Anastasia and Strijov, Vadim},
	journal={Expert Systems with Applications},
	year={2018},
	publisher={Elsevier}
}