% This file was created with JabRef 2.10.
% Encoding: Cp1251


@Article{ubeyli2007mccsvm2,
  Title                    = {ECG beats classification using multiclass support vector machines with error correcting output codes},
  Author                   = {{\"U}beyli, Elif Derya},
  Journal                  = {Digital Signal Processing},
  Year                     = {2007},
  Number                   = {3},
  Pages                    = {675--684},
  Volume                   = {17},

  Publisher                = {Elsevier}
}

@Article{anand1995mccnn,
  Title                    = {Efficient classification for multiclass problems using modular neural networks},
  Author                   = {Anand, Rangachari and Mehrotra, Kishan and Mohan, Chilukuri K and Ranka, Sanjay},
  Journal                  = {Neural Networks, IEEE Transactions on},
  Year                     = {1995},
  Number                   = {1},
  Pages                    = {117--124},
  Volume                   = {6},

  Publisher                = {IEEE}
}

@Article{bellet2013mlsurvey,
  Title                    = {A survey on metric learning for feature vectors and structured data},
  Author                   = {Bellet, Aur{\'e}lien and Habrard, Amaury and Sebban, Marc},
  Journal                  = {arXiv preprint arXiv:1306.6709},
  Year                     = {2013}
}

@InProceedings{berndt1994dtw,
  Title                    = {Using Dynamic Time Warping to Find Patterns in Time Series.},
  Author                   = {Berndt, Donald J and Clifford, James},
  Booktitle                = {KDD workshop},
  Year                     = {1994},
  Number                   = {16},
  Organization             = {Seattle, WA},
  Pages                    = {359--370},
  Volume                   = {10}
}

@Article{chaovalitwongse2007knn,
  Title                    = {On the time series k-nearest neighbor classification of abnormal brain activity},
  Author                   = {Chaovalitwongse, Wanpracha Art and Fan, Ya-Ju and Sachdeo, Rajesh C},
  Journal                  = {Systems, Man and Cybernetics, Part A: Systems and Humans, IEEE Transactions on},
  Year                     = {2007},
  Number                   = {6},
  Pages                    = {1005--1016},
  Volume                   = {37},

  Publisher                = {IEEE}
}

@Article{guler2007mccsvm,
  Title                    = {Multiclass support vector machines for EEG-signals classification},
  Author                   = {G{\"u}ler, Inan and Beyli, Elif Derya {\"U}},
  Journal                  = {Information Technology in Biomedicine, IEEE Transactions on},
  Year                     = {2007},
  Number                   = {2},
  Pages                    = {117--126},
  Volume                   = {11},

  Publisher                = {IEEE}
}

@InProceedings{guillaumin2009mlface,
  Title                    = {Is that you? Metric learning approaches for face identification},
  Author                   = {Guillaumin, Matthieu and Verbeek, Jakob and Schmid, Cordelia},
  Booktitle                = {Computer Vision, 2009 IEEE 12th international conference on},
  Year                     = {2009},
  Organization             = {IEEE},
  Pages                    = {498--505}
}

@Article{ignatov2015multiclass,
  Title                    = {Human activity recognition using quasiperiodic time series collected from a single tri-axial accelerometer},
  Author                   = {Ignatov, Andrey D and Strijov, Vadim V},
  Journal                  = {Multimedia Tools and Applications},
  Year                     = {2015},
  Pages                    = {1--14},

  Publisher                = {Springer}
}

@Article{kafai2012mccbn,
  Title                    = {Dynamic Bayesian networks for vehicle classification in video},
  Author                   = {Kafai, Mehran and Bhanu, Bir},
  Journal                  = {Industrial Informatics, IEEE Transactions on},
  Year                     = {2012},
  Number                   = {1},
  Pages                    = {100--109},
  Volume                   = {8},

  Publisher                = {IEEE}
}

@InProceedings{mcfee2010mlranking,
  Title                    = {Metric learning to rank},
  Author                   = {McFee, Brian and Lanckriet, Gert R},
  Booktitle                = {Proceedings of the 27th International Conference on Machine Learning (ICML-10)},
  Year                     = {2010},
  Pages                    = {775--782}
}

@Article{petitjean2011dba,
  Title                    = {A global averaging method for dynamic time warping, with applications to clustering},
  Author                   = {Petitjean, Fran{\c{c}}ois and Ketterlin, Alain and Gan{\c{c}}arski, Pierre},
  Journal                  = {Pattern Recognition},
  Year                     = {2011},
  Number                   = {3},
  Pages                    = {678--693},
  Volume                   = {44},

  Publisher                = {Elsevier}
}

@Article{vandenberghe1996semidefinite,
  Title                    = {Semidefinite programming},
  Author                   = {Vandenberghe, Lieven and Boyd, Stephen},
  Journal                  = {SIAM review},
  Year                     = {1996},
  Number                   = {1},
  Pages                    = {49--95},
  Volume                   = {38},

  Publisher                = {SIAM}
}

@Article{wang2015mlsurvey3,
  Title                    = {Survey on distance metric learning and dimensionality reduction in data mining},
  Author                   = {Wang, Fei and Sun, Jimeng},
  Journal                  = {Data Mining and Knowledge Discovery},
  Year                     = {2015},
  Number                   = {2},
  Pages                    = {534--564},
  Volume                   = {29},

  Publisher                = {Springer}
}

@InProceedings{weinberger2005lmnn,
  Title                    = {Distance metric learning for large margin nearest neighbor classification},
  Author                   = {Weinberger, Kilian Q and Blitzer, John and Saul, Lawrence K},
  Booktitle                = {Advances in neural information processing systems},
  Year                     = {2005},
  Pages                    = {1473--1480}
}

@InProceedings{weinberger2008mldigits,
  Title                    = {Fast solvers and efficient implementations for distance metric learning},
  Author                   = {Weinberger, Kilian Q and Saul, Lawrence K},
  Booktitle                = {Proceedings of the 25th international conference on Machine learning},
  Year                     = {2008},
  Organization             = {ACM},
  Pages                    = {1160--1167}
}

@Article{yang2006mlsurvey2,
  Title                    = {Distance metric learning: A comprehensive survey},
  Author                   = {Yang, Liu and Jin, Rong},
  Journal                  = {Michigan State Universiy},
  Year                     = {2006},
  Volume                   = {2}
}

@Article{goncharov2015cost,
  Title                    = {����������� ������������� ��������� ����� � ������������� ������������ ���������� �������},
  Author                   = {��������, A������ B����������� and ������, M���� C�������� and �������, B���� B���������},
  Journal                  = {������� � �������� �����������},
  Year                     = {2015},
  Number                   = {4},
  Pages                    = {52--64},
  Volume                   = {25},

  Publisher                = {���������� �������� ����, ��������� �������������� � �������������� ����������}
}

@Article{popova2015multiclass,
  Title                    = {����� ����������� ������ ������������� ���������� ���������� �� ���������� �������������},
  Author                   = {������, M���� C�������� and �������, B���� B���������},
  Journal                  = {����������� � �� ����������},
  Year                     = {2015},
  Number                   = {1},
  Pages                    = {79--89},
  Volume                   = {9},

  Publisher                = {���������� �������� ����, ��������� �������������� � �������������� ����������}
}

@Article{Isachenko2015code,
  Owner                    = {isaro},
  Timestamp                = {2016.03.10},
  Url                      = {https://sourceforge.net/p/mlalgorithms/code/HEAD/tree/Group274/Isachenko2015TimeSeries/code/}
}

@Article{UCI_HarDataset,
  Title                    = {UCI repository},

  Owner                    = {isaro},
  Timestamp                = {2016.03.10},
  Url                      = {https://archive.ics.uci.edu/ml/datasets/Human+Activity+Recognition+Using+Smartphones}
}

